@misc{chr:affine,
  author       = {Chris Christensen},
  title        = {Affine Ciphers},
  year         = {2010},
  url          = {https://www.nku.edu/~christensen/092mat483%20section%207%20affine%20ciphers.pdf},
  howpublished = {online},
  urldate      = {2023-04-07}
}

@misc{matweb:frekv,
  author       = {MatWeb},
  title        = {covfefe},
  year         = {1900},
  url          = {https://www.matweb.cz/frekvencni-analyza/},
  howpublished = {online},
  urldate      = {2023-04-07}
}

@misc{wiki:mis,
  author       = {{Wikipedia contributors}},
  title        = {Maximal independent set --- {Wikipedia}{,} The Free Encyclopedia},
  year         = {2022},
  url          = {https://en.wikipedia.org/w/index.php?title=Maximal_independent_set&oldid=1097443944},
  howpublished = {online},
  urldate      = {2022-12-13}
}

@article{mis-bellman-ford,
  author  = {Mostafa H. Dahshan},
  title   = {Maximum Independent Set Approximation Based on Bellman-Ford Algorithm},
  journal = {Arab J Sci Eng},
  volume  = {39},
  number  = {10},
  pages   = {7003--7011},
  year    = {2014},
  doi     = {https://doi.org/10.1007/s13369-014-1159-7}
}

@article{mis-greedy,
  author  = {H. Y. Lau and H. F. Ting},
  title   = {The Greedier the Better: An Efficient Algorithm for Approximating Maximum Independent Set},
  journal = {Journal of Combinatorial Optimization},
  volume  = {5},
  pages   = {411-420},
  year    = {2001},
  doi     = {https://doi.org/10.1023/A:1011672624624}
}

@article{mis-excl-sub,
  author  = {Ravi Boppana and Magnús M. Halldórsson},
  title   = {Approximating Maximum Independent Sets by Excluding Subgraphs},
  journal = {BIT Numerical Mathematics},
  volume  = {32},
  pages   = {180--196},
  year    = {1992},
  doi     = {https://doi.org/10.1007/BF01994876}
}

@book{mis-use-case-1,
  author    = {Steven S. Skiena},
  title     = {The algorithm design manual},
  year      = {2012},
  publisher = {Springer},
  isbn      = {978-1-84800-069-8}
}

@article{mis-use-case-2,
  author  = {Hossain, Ayaan
             and Lopez, Eriberto
             and Halper, Sean M.
             and Cetnar, Daniel P.
             and Reis, Alexander C.
             and Strickland, Devin
             and Klavins, Eric
             and Salis, Howard M.},
  title   = {Automated design of thousands of nonrepetitive parts for engineering stable genetic systems},
  journal = {Nature Biotechnology},
  year    = {2020},
  month   = {12},
  day     = {01},
  volume  = {38},
  number  = {12},
  pages   = {1466-1475},
  issn    = {1546-1696},
  doi     = {10.1038/s41587-020-0584-2},
  url     = {https://doi.org/10.1038/s41587-020-0584-2}
}

@article{ZhouJian2017Egra,
  issn      = {1424-8220},
  journal   = {Sensors (Basel, Switzerland)},
  pages     = {2553},
  volume    = {17},
  publisher = {MDPI},
  number    = {11},
  year      = {2017},
  title     = {Efficient graph-based resource allocation scheme using maximal independent set for randomly-deployed small star networks},
  language  = {english},
  address   = {BASEL},
  author    = {Zhou, Jian and Wang, Lusheng and Wang, Weidong and Zhou, Qingfeng}
}

@phdthesis{mis-related-problems,
  author    = {Butenko, Sergiy and Pardalos, Panagote M.},
  title     = {Maximum Independent Set and Related Problems, with Applications},
  year      = {2003},
  publisher = {University of Florida},
  address   = {USA}
}